%%%%%%%%%%%%%%%%%%%%%%%%%%%%%%%%%%%%%%%%%%%%%%%%%%%%%%%%%%%%%%%%%%%%
%
%						ANALYSIS
%
%%%%%%%%%%%%%%%%%%%%%%%%%%%%%%%%%%%%%%%%%%%%%%%%%%%%%%%%%%%%%%%%%%%%

@book {Folland_RealAnalysis,
	AUTHOR = {Folland, Gerald B.},
	TITLE = {Real analysis},
	SERIES = {Pure and Applied Mathematics (New York)},
	EDITION = {Second},
	NOTE = {Modern techniques and their applications,
	A Wiley-Interscience Publication},
	PUBLISHER = {John Wiley \& Sons, Inc., New York},
	YEAR = {1999},
	PAGES = {xvi+386},
	ISBN = {0-471-31716-0},
	MRCLASS = {00A05 (26-01 28-01 46-01)},
	MRNUMBER = {1681462},
}

%%%%%%%%%%%%%%%%%%%%%%%%%%%%%%%%%%%%%%%%%%%%%%%%%%%%%%%%%%%%%%%%%%%%
%
%						CATEGORY THEORY
%
%%%%%%%%%%%%%%%%%%%%%%%%%%%%%%%%%%%%%%%%%%%%%%%%%%%%%%%%%%%%%%%%%%%%
@book {BarrWells_ToposTriplesTheories,
	AUTHOR = {Barr, Michael and Wells, Charles},
	TITLE = {Toposes, triples and theories},
	SERIES = {Grundlehren der Mathematischen Wissenschaften [Fundamental
	Principles of Mathematical Sciences]},
	VOLUME = {278},
	PUBLISHER = {Springer-Verlag, New York},
	YEAR = {1985},
	PAGES = {xiii+345},
	ISBN = {0-387-96115-1},
	MRCLASS = {18-02 (03G30 18B25 18C10 18C15 18F10 18F20)},
	MRNUMBER = {771116},
	MRREVIEWER = {Andre Scedrov},
	DOI = {10.1007/978-1-4899-0021-0},
	URL = {http://dx.doi.org/10.1007/978-1-4899-0021-0},
}
@book {Johnstone_ElephantV1,
	AUTHOR = {Johnstone, Peter T.},
	TITLE = {Sketches of an elephant: a topos theory compendium. {V}ol. 1},
	SERIES = {Oxford Logic Guides},
	VOLUME = {43},
	PUBLISHER = {The Clarendon Press, Oxford University Press, New York},
	YEAR = {2002},
	PAGES = {xxii+468+71},
	ISBN = {0-19-853425-6},
	MRCLASS = {18B25 (18-02)},
	MRNUMBER = {1953060},
	MRREVIEWER = {Colin McLarty},
}
@incollection{LackSoboc_AdhesiveCategories,
    AUTHOR = {Lack, Stephen and Soboci{\'n}ski, Pawe{\l}},
     TITLE = {Adhesive categories},
 BOOKTITLE = {Foundations of software science and computation structures},
    SERIES = {Lecture Notes in Comput. Sci.},
    VOLUME = {2987},
     PAGES = {273--288},
 PUBLISHER = {Springer, Berlin},
      YEAR = {2004},
   MRCLASS = {68Q42 (18C50)},
  MRNUMBER = {2147115},
       DOI = {10.1007/978-3-540-24727-2_20},
       URL = {http://dx.doi.org/10.1007/978-3-540-24727-2_20},
}
@incollection {LackSoboc_ToposesAdhesive,
	AUTHOR = {Lack, Stephen and Soboci{\'n}ski, Pawe{\l}},
	TITLE = {Toposes are adhesive},
	BOOKTITLE = {Graph transformations},
	SERIES = {Lecture Notes in Comput. Sci.},
	VOLUME = {4178},
	PAGES = {184--198},
	PUBLISHER = {Springer, Berlin},
	YEAR = {2006},
	MRCLASS = {18B25 (68Q85 68R10)},
	MRNUMBER = {2338562},
	DOI = {10.1007/11841883_14},
	URL = {http://dx.doi.org/10.1007/11841883_14},
}
@article{Leinster_Bicats,
	author={Leinster, Tom},
	title={Basic bicategories},
	journal={arXiv preprint math.CT/9810017},
	volume={589},
	year={1998},
	publisher={Citeseer}
}
@book {MacLaneMoerdijk_SheavesGeomLogic,
	AUTHOR = {Mac Lane, Saunders and Moerdijk, Ieke},
	TITLE = {Sheaves in geometry and logic},
	SERIES = {Universitext},
	NOTE = {A first introduction to topos theory,
	Corrected reprint of the 1992 edition},
	PUBLISHER = {Springer-Verlag, New York},
	YEAR = {1994},
	PAGES = {xii+629},
	ISBN = {0-387-97710-4},
	MRCLASS = {03G30 (18B25 54B40)},
	MRNUMBER = {1300636},
	MRREVIEWER = {M. Makkai},
}
	
%%%%%%%%%%%%%%%%%%%%%%%%%%%%%%%%%%%%%%%%%%%%%%%%%%%%%%%%%%%%%%%%%%%%
%
%						PROBABILITY THEORY
%
%%%%%%%%%%%%%%%%%%%%%%%%%%%%%%%%%%%%%%%%%%%%%%%%%%%%%%%%%%%%%%%%%%%%
@article {AbramBlutePanan_NuclearTraceIdeals,
	AUTHOR = {Abramsky, Samson and Blute, Richard and Panangaden, Prakash},
	TITLE = {Nuclear and trace ideals in tensored {$\ast$}-categories},
	NOTE = {Special volume on the occasion of the 60th birthday of
	Professor Michael Barr (Montreal, QC, 1997)},
	JOURNAL = {J. Pure Appl. Algebra},
	FJOURNAL = {Journal of Pure and Applied Algebra},
	VOLUME = {143},
	YEAR = {1999},
	NUMBER = {1-3},
	PAGES = {3--47},
	ISSN = {0022-4049},
	CODEN = {JPAAA2},
	MRCLASS = {47L20 (18D10 46M15 47B10)},
	MRNUMBER = {1731037},
	MRREVIEWER = {J. Wick Pelletier},
	DOI = {10.1016/S0022-4049(98)00106-6},
	URL = {http://dx.doi.org/10.1016/S0022-4049(98)00106-6},
}
@article {CulbSturtz_CategoricalBayesProb,
	AUTHOR = {Culbertson, Jared and Sturtz, Kirk},
	TITLE = {A categorical foundation for {B}ayesian probability},
	JOURNAL = {Appl. Categ. Structures},
	FJOURNAL = {Applied Categorical Structures. A Journal Devoted to
	Applications of Categorical Methods in Algebra, Analysis,
	Order, Topology and Computer Science},
	VOLUME = {22},
	YEAR = {2014},
	NUMBER = {4},
	PAGES = {647--662},
	ISSN = {0927-2852},
	MRCLASS = {60A05 (62C10)},
	MRNUMBER = {3227610},
	MRREVIEWER = {Choh Man Teng},
	DOI = {10.1007/s10485-013-9324-9},
	URL = {http://dx.doi.org/10.1007/s10485-013-9324-9},
}
@article {Faden_ExistRegCondProbs,
	AUTHOR = {Faden, Arnold M.},
	TITLE = {The existence of regular conditional probabilities: necessary
	and sufficient conditions},
	JOURNAL = {Ann. Probab.},
	FJOURNAL = {The Annals of Probability},
	VOLUME = {13},
	YEAR = {1985},
	NUMBER = {1},
	PAGES = {288--298},
	ISSN = {0091-1798},
	CODEN = {APBYAE},
	MRCLASS = {60A10 (28C20)},
	MRNUMBER = {770643},
	MRREVIEWER = {D. Ramachandran},
	URL =
	{http://links.jstor.org/sici?sici=0091-1798(198502)13:1<288:TEORCP>2.0.CO;2-I&origin=MSN},
}
@article{Fong_CatBayesianNetworks,
	author={Fong, Brendan},
	title={Causal theories: A categorical perspective on Bayesian networks},
	journal={arXiv preprint arXiv:1301.6201},
	year={2013}
}
@incollection {Giry_GiryMonad,
	AUTHOR = {Giry, Mich{\`e}le},
	TITLE = {A categorical approach to probability theory},
	BOOKTITLE = {Categorical aspects of topology and analysis ({O}ttawa,
	{O}nt., 1980)},
	SERIES = {Lecture Notes in Math.},
	VOLUME = {915},
	PAGES = {68--85},
	PUBLISHER = {Springer, Berlin-New York},
	YEAR = {1982},
	MRCLASS = {60A05 (18B99 60G05)},
	MRNUMBER = {659884},
	MRREVIEWER = {A. I. Dale},
}
@article{Lawvere_CatOfProbMaps,
	author={Lawvere, F William},
	title={The category of probabilistic mappings},
	journal={preprint},
	year={1962}
}
@article{Panangaden_ProbRels,
	author={Panangaden, Prakash},
	title={Probabilistic relations},
	journal={SCHOOL OF COMPUTER SCIENCE RESEARCH REPORTS-UNIVERSITY OF BIRMINGHAM CSR},
	pages={59--74},
	year={1998},
	publisher={Citeseer}
}
@article{Rodine_PerfectProbRegCondProb,
	author={Rodine, Robert H},
	title={Perfect probability measures and regular conditional probabilities},
	journal={The Annals of Mathematical Statistics},
	pages={1273--1278},
	year={1966},
	publisher={JSTOR}
}

%%%%%%%%%%%%%%%%%%%%%%%%%%%%%%%%%%%%%%%%%%%%%%%%%%%%%%%%%%%%%%%%%%%%%%%%%%%%%%%
%
%                            PHYSICS & INFORMATION THEORY
%
%%%%%%%%%%%%%%%%%%%%%%%%%%%%%%%%%%%%%%%%%%%%%%%%%%%%%%%%%%%%%%%%%%%%%%%%%%%%%%%


@article{BaezFritz_RelEntropy,
  title={A Bayesian characterization of relative entropy},
  author={Baez, John C and Fritz, Tobias},
  journal={Theory and Applications of Categories},
  volume={29},
  number={16},
  pages={422--456},
  year={2014}
}